@book{Rotkop1976,
  author = {Л.Л.Роткоп, Ю.Е. Cпокойный},
  title  = {Обеспечение тепловых режимов при конструировании РЭА},
  year   = {1976},
  publisher = {Советское радио}
}

@Book{GOST-15150-69,
  key = {ГОСТ 15-150-69},
  keywords = {УХЛ},
  title    = {ГОСТ-15150-69.
  Машины, приборы и другие технические изделия.
  Исполнения для различных климатических районов.
  Категории, условия эксплуатации,
  хранения и транспортирования в части воздействия климатических фактовро
  внешей среды},
  publisher = {Стандартинформ}
}


@Book{GOST-spec,
  key = {ГОСТ 2.108-68},
  keywords = {ЕСКД. Спецификация},
  publisher = {Стандаринформ},
  title = {ГОСТ 2.108-68.
  Единая Система Конструкторской Документации.
  Спецификация},
  institution =  { Комитет стандартов, мер и измерительных приборов при
СМ СССР}
}

@Misc{MULTIPHYSICS-CYCLOPEDIA-FEM,
  title = {Finite Element Analysis (FEA) Software [Электронный ресурс]},
  url = { https://www.comsol.com/multiphysics/fea-software?parent=finite-element-method-042-62-22 },
  urldate = {2024-05-07},
}

@Misc{GNU-philosophy,
  title = {Что такое свободная программа? [Электронный ресурс]},
  url= { https://www.gnu.org/philosophy/free-sw.html },
  urldate = {2024-07-05},
}


@Misc{kicad-license,
  title = {Лицензия САПР KiCAD [Электронный ресурс]},
  url = { https://www.kicad.org/about/licenses/},
  urldate = {2024-07-05},
}

@Misc{ufair-nonfree-programs,
  title = {Несправедливость несвободных программ [Электронный ресурс]},
  url = { https://www.gnu.org/philosophy/free-software-even-more-important.html },
  urldate = {2024-07-05},
}


% kicad-sponsors
% https://www.kicad.org/sponsors/inkind/
@Misc{kicad-sponsors,
  title = {KiCAD In Kind Sponsors [Электронный ресурс]},
  url = { https://www.kicad.org/sponsors/inkind/ },
  urldate = {2024-07-05},
}

@Misc{kicad-doc-eeschema,
  title = {KiCAD eeschema Reference Manual [Электронный ресурс]},
  url = { https://docs.kicad.org/8.0/en/eeschema/eeschema.html },
  urldate = {2024-07-05},
}

@Misc{Proteus-Simulatin,
  title = {Circuit Simulation Software [Электронный ресурс]},
  url = { https://www.labcenter.com/simulation/ },
  urldate = {2024-07-05},
}

@Misc{kicad-sexpr,
  title = {Эс-выражения. Документация разработчиков KiCAD
  [Электронный ресурс]},
  url = { https://dev-docs.kicad.org/en/components/sexpr/ },
  urldate = {2024-07-05},
}

@Misc{git-dvcs,
  title = {Система контроля версий git. Распределённость.
  [Электронный ресурс]},
  url = {https://git-scm.com/about/distributed},
  urldate = {2024-07-05},
}


@Misc{mal-biznes-ru,
  title = {Министерство экономики Республики Беларусь.
  Малый и средний бизнес. [Электронный ресурс]},
  url = {https://economy.gov.by/ru/mal-biznes-ru/},
  urldate = {2024-07-05},
}

@Misc{rte-about,
  title = {RTE: О компании [Электронный ресурс]},
  url = {https://rte.by/o-kompanii.html},
  urldate = {2024-07-05},
}

@Misc{rlocman-rs-converter,
  title = { РадиоЛоцман
  Конвертер RS-232 - RS-485
  с автоматическим управлением приемом/передачей},
  url = {https://www.rlocman.ru/shem/schematics.html?di=64700},
  urldate = {2024-06-25},
}

% Comment Local Variables:
% Comment compile-command: "biber --tool -V Karakin6semPractise.bib"
% Comment End:
